
@inproceedings {lowenergylowsecurity,
author = {Mike Ryan},
title = {Bluetooth: With Low Energy Comes Low Security},
booktitle = {Presented as part of the 7th USENIX Workshop on Offensive Technologies},
year = {2013},
location = {Washington, D.C.},
url = {https://www.usenix.org/conference/woot13/workshop-program/presentation/Ryan},
publisher = {USENIX},
address = {Berkeley, CA}
}

@Misc{ubertooth,
author =   {Michael Ossmann et al.},
title =    {Ubertooth},
howpublished = {\url{https://github.com/greatscottgadgets/ubertooth/}},
year = {2010--2015}
}

@INPROCEEDINGS{iotsecanalysis,
author={Gan Gang and Lu Zeyong and Jiang Jun},
booktitle={Internet Technology and Applications (iTAP), 2011 International Conference on},
title={Internet of Things Security Analysis},
year={2011},
pages={1-4},
keywords={Internet;computer network security;radiofrequency identification;Internet of things;information technology industry;security risks;Authentication;Business;Computer crime;Encryption;Internet;Logic gates},
doi={10.1109/ITAP.2011.6006307},
month={Aug},}

@INPROCEEDINGS{blelowpower,
author={Siekkinen, M. and Hiienkari, M. and Nurminen, J.K. and Nieminen, J.},
booktitle={Wireless Communications and Networking Conference Workshops (WCNCW), 2012 IEEE},
title={How low energy is bluetooth low energy? Comparative measurements with ZigBee/802.15.4},
year={2012},
pages={232-237},
keywords={Bluetooth;IP networks;Internet;Zigbee;Bluetooth low energy;IEEE 802.15.4;IPv6 communication energy overhead;ZigBee;basic energy consumption behavior;energy utility;future Internet of Things;ultra low power communication mechanisms;Bluetooth;Energy consumption;Energy measurement;IEEE 802.15 Standards;Interference;Sensors;Zigbee},
doi={10.1109/WCNCW.2012.6215496},
month={April},}

@TechReport{ble42,
  author={Bluetooth {SIG}},
  title={Bluetooth 4.2 Core Specification},
  month={dec},
  year={2014},
  note="https://www.bluetooth.org/en-us/specification/adopted-specifications"
}

@misc{ble42announcement,
  author = {Vincent Gao},
  title = {{Everything You Always Wanted to Know About Bluetooth \- Security in Bluetooth 4.2}},
  howpublished = "\url{http://blog.bluetooth.com/everything-you-always-wanted-to-know-about-bluetooth-security-in-bluetooth-4-2/}",
  year = {2015},
}

@misc{imgsrc:packetformat,
  author = {Lijun Li},
  title = {{Using nRF24L01+ as A Bluetooth Low Energy Broadcaster/Beacon}},
  howpublished = "\url{http://ram.lijun.li/assets/files/wiki/img18_BLE_packet_structure.png}",
  year = {2014},
}

@TechReport{ble40,
  author={Bluetooth {SIG}},
  title={Bluetooth 4.0 Core Specification},
  month={jun},
  year={2010},
  note="https://www.bluetooth.org/en-us/specification/adopted-specifications"
}


\bibitem{IEEEhowto:kopka}
H.~Kopka and P.~W. Daly, \emph{A Guide to \LaTeX}, 3rd~ed.\hskip 1em plus
  0.5em minus 0.4em\relax Harlow, England: Addison-Wesley, 1999.
